

@article{ref-SeitoH-2019,
  title={On using the shifted minimal residual method for quantum-mechanical wave packet simulation},
  author={Seito Hiroaki and Takeo Hoshi and Yusaku Yamamoto},
  journal={JSIAM Letters},
  volume={11},
  number={ },
  pages={13-16},
  year={2019},
  doi={10.14495/jsiaml.11.13}
}

@inproceedings{ref-gscocg,
  title        = {A fast numerical method for generalized shifted linear systems with complex symmetric matrices},
  author       = {Tomohiro Sogabe and Takeo Hoshi and Shao-Liang Zhang and Takeo Fujiwara},
  year         = {2010},
  month        = {November},
  booktitle    = {Recent Developments of Numerical Analysis and Numerical Computation Algorithms},
  publisher    = {京都大学数理解析研究所},
  address      = {},
  series       = {数理解析研究所講究録},
  volume       = {1719},
  number       = {},
  pages        = {106--117},
  editor       = {},
  organization = {},
  note         = {\url{http://hdl.handle.net/2433/170357}}
}

@misc{elses,
  author = {ELSES matrix library},
  howpublished = {\url{http://www.elses.jp/matrix/}},
  note = {(accessed 13 Aug. 2024)}
}